<record><leader>00000cas a22000007a 4500</leader><controlfield tag="001">12791123</controlfield><controlfield tag="008">851113d19241924pauwr ne      0    0eng d</controlfield><datafield ind1=" " ind2=" " tag="010"><subfield code="a">sn 86083195 </subfield></datafield><datafield ind1=" " ind2=" " tag="040"><subfield code="a">NPH</subfield><subfield code="b">eng</subfield><subfield code="c">NPH</subfield><subfield code="d">OCLCQ</subfield></datafield><datafield ind1=" " ind2=" " tag="042"><subfield code="a">msc</subfield></datafield><datafield ind1="0" ind2=" " tag="130"><subfield code="a">Philadelphia dispatch (Philadelphia, Pa. : 1924)</subfield></datafield><datafield ind1="1" ind2="0" tag="245"><subfield code="a">Philadelphia dispatch.</subfield></datafield><datafield ind1=" " ind2=" " tag="260"><subfield code="a">Philadelphia [Pa.] :</subfield><subfield code="b">Philadelphia Dispatch Pub. Co.,</subfield><subfield code="c">1924.</subfield></datafield><datafield ind1=" " ind2=" " tag="300"><subfield code="a">v. :</subfield><subfield code="b">ill.</subfield></datafield><datafield ind1=" " ind2=" " tag="310"><subfield code="a">Weekly</subfield></datafield><datafield ind1="0" ind2=" " tag="362"><subfield code="a">76th year, no. 37 (Jan. 19, 1924)-</subfield></datafield><datafield ind1="1" ind2=" " tag="362"><subfield code="a">Ceased July 20, 1924.</subfield><subfield code="z">Cf. Checklist of Pa. newspapers.</subfield></datafield><datafield ind1=" " ind2=" " tag="752"><subfield code="a">United States</subfield><subfield code="b">Pennsylvania</subfield><subfield code="c">Philadelphia</subfield><subfield code="d">Philadelphia.</subfield></datafield><datafield ind1="0" ind2="0" tag="780"><subfield code="t">Philadelphia dispatch and Sunday dispatch</subfield><subfield code="w">(DLC)sn 86083194</subfield><subfield code="w">(OCoLC)12791086</subfield></datafield><datafield ind1="0" ind2="0" tag="785"><subfield code="t">Sunday dispatch (Philadelphia, Pa. : 1924)</subfield><subfield code="w">(DLC)sn 86083196</subfield><subfield code="w">(OCoLC)12791172</subfield></datafield></record>